%-----------------------------------------------------------------------------
% Supported entry types
%-----------------------------------------------------------------------------
article, book, mvbook, inbook, bookinbook, suppbook, booklet, collection, 
mvcollection, incollection, suppcollection, manual, misc, online, patent, 
periodical, suppperiodical, proceedings, mvproceedings, inproceedings, 
reference, mvreference, inreference, report, set, thesis, unpublished, custom, 
conference, electronic, masterthesis, phdthesis, techreport

%-----------------------------------------------------------------------------
% Supported entry fields (The printed information depends on the bibliography style)
%-----------------------------------------------------------------------------
abstract, addendum, afterword, annotate, author, authortype, bookauthor, 
bookpagination, booksubtitle, booktitle, chapter, commentator, date, doi, 
edition, editor, editortype, eid, entrysubtype, eprint, eprinttype, 
eprintclass, eventdate, eventtitle, file, foreword, holder, howpublished, 
indextitle, institution, introduction, isan, isbn, ismn, isrn, issue, 
issuesubtitle, issuetitle, iswc, journalsubtitle, journaltitle, label, 
language, library, location, mainsubtitle, maintitle, month, note, number, 
organization, origdate, origlanguage, origlocation, origpublisher, origtitle, 
pages, pagetotal, pagination, part, publisher, pubstate, reprinttitle, series, 
shortauthor, shortedition, shorthand, shorthandintro, shortjournal, 
shortseries, shorttitle, subtitle, title, translator, type, url, venue, 
version, volume, year

%-----------------------------------------------------------------------------
% Bibliography sorting options
%-----------------------------------------------------------------------------
nty: sort by name, title, year
nyt: sort by name, year, title
nyvt: sort by name, year, volume, title
anyt: sort by alphabetic label, name, year, title
anyvt: sort by alphabetic label, name, year, volume, title
ydnt: sort by year (descending), name, title
none: entries are processed in citation order

%-----------------------------------------------------------------------------
% Citations
%-----------------------------------------------------------------------------
